<?xml version="1.0" encoding="UTF-8"?>
<collection
  xmlns:xsi="http://www.w3.org/2001/XMLSchema-instance"
  xsi:schemaLocation="http://www.loc.gov/MARC21/slim http://www.loc.gov/standards/marcxml/schema/MARC21slim.xsd"
  xmlns="http://www.loc.gov/MARC21/slim">

<record>
  <leader>05514ckdaa2200733 a 4500</leader>
  <controlfield tag="001">3462510</controlfield>
  <controlfield tag="005">20100226103503.0</controlfield>
  <controlfield tag="008">890628s1910    cau|||  |||||     k|eng d</controlfield>
  <datafield tag="035" ind1=" " ind2=" ">
    <subfield code="a">(OCoLC)79799744</subfield>
  </datafield>
  <datafield tag="035" ind1=" " ind2=" ">
    <subfield code="a">(OCoLC)ocm79799744</subfield>
  </datafield>
  <datafield tag="035" ind1=" " ind2=" ">
    <subfield code="a">(CStRLIN)NYDA89-F754</subfield>
  </datafield>
  <datafield tag="035" ind1=" " ind2=" ">
    <subfield code="9">AAA2981AD</subfield>
  </datafield>
  <datafield tag="035" ind1=" " ind2=" ">
    <subfield code="a">(NNC)3462510</subfield>
  </datafield>
  <datafield tag="040" ind1=" " ind2=" ">
    <subfield code="a">NNC</subfield>
    <subfield code="c">NNC</subfield>
    <subfield code="e">gihc</subfield>
  </datafield>
  <datafield tag="043" ind1=" " ind2=" ">
    <subfield code="a">bb</subfield>
    <subfield code="a">n-us-ca</subfield>
  </datafield>
  <datafield tag="110" ind1="2" ind2=" ">
    <subfield code="a">Greene &amp; Greene.</subfield>
  </datafield>
  <datafield tag="240" ind1="1" ind2="0">
    <subfield code="a">Ernest W. Smith House (Pasadena, Calif.)</subfield>
  </datafield>
  <datafield tag="245" ind1="1" ind2="0">
    <subfield code="a">Residence for E.W. Smith Esq. at Pasadena, Cal.</subfield>
    <subfield code="h">[graphic] /</subfield>
    <subfield code="c">Greene &amp; Greene, Arch'ts.</subfield>
  </datafield>
  <datafield tag="260" ind1=" " ind2=" ">
    <subfield code="c">[19]10.</subfield>
  </datafield>
  <datafield tag="300" ind1=" " ind2=" ">
    <subfield code="a">18 sheets:</subfield>
    <subfield code="b">various media;</subfield>
    <subfield code="c">65 x 81.1 cm. (25 5/8 x 32 in.) or smaller</subfield>
  </datafield>
  <datafield tag="500" ind1=" " ind2=" ">
    <subfield code="a">Scale varies.</subfield>
  </datafield>
  <datafield tag="500" ind1=" " ind2=" ">
    <subfield code="a">Bracketed title elements supplied by cataloger or taken from inventory.</subfield>
  </datafield>
  <datafield tag="500" ind1=" " ind2=" ">
    <subfield code="a">Forms part of the Greene &amp; Greene collection of architectural drawings; job no. 251. Dept. of Drawings &amp; Archives, Avery Architectural and Fine Arts Library.</subfield>
  </datafield>
  <datafield tag="520" ind1=" " ind2=" ">
    <subfield code="a">This set consists of 4 drawings, blueprint with colored crayon on paper; 4 drawings, ink on linen; 2 drawings, graphite on paper; 2 drawings, ink on linen with ink wash applied to the verso; 1 drawing, graphite and crayon on tracing paper; 1 drawing, graphite, crayon, and ink on blueprint on paper; 1 drawing, graphite on tracing paper; 1 drawing, ink and crayon on blueprint on paper; 1 drawing, ink and graphite on linen; 1 drawing, graphite and crayon on blueprint on paper, 1 drawing, ink and graphite on linen with ink wash applied to the verso; and 1 drawing, blueprint on paper</subfield>
  </datafield>
  <datafield tag="561" ind1=" " ind2=" ">
    <subfield code="a">Gift of Jean Murray Bangs (Mrs. Harwell Hamilton Harris), 1960; formerly the collection of Charles Sumner Greene.</subfield>
  </datafield>
  <datafield tag="650" ind1=" " ind2="7">
    <subfield code="a">Houses.</subfield>
    <subfield code="2">aat</subfield>
  </datafield>
  <datafield tag="655" ind1=" " ind2="7">
    <subfield code="a">Detail drawings.</subfield>
    <subfield code="2">aat</subfield>
  </datafield>
  <datafield tag="655" ind1=" " ind2="7">
    <subfield code="a">Site plans.</subfield>
    <subfield code="2">aat</subfield>
  </datafield>
  <datafield tag="655" ind1=" " ind2="7">
    <subfield code="a">Sketches.</subfield>
    <subfield code="2">aat</subfield>
  </datafield>
  <datafield tag="655" ind1=" " ind2="7">
    <subfield code="a">Architectural drawings</subfield>
    <subfield code="x">American.</subfield>
    <subfield code="2">aat</subfield>
  </datafield>
  <datafield tag="655" ind1=" " ind2="7">
    <subfield code="a">Orthographic drawings.</subfield>
    <subfield code="2">aat</subfield>
  </datafield>
  <datafield tag="691" ind1=" " ind2="0">
    <subfield code="a">Pasadena (Calif.)</subfield>
  </datafield>
  <datafield tag="650" ind1=" " ind2="0">
    <subfield code="a">Architecture</subfield>
    <subfield code="z">United States</subfield>
    <subfield code="v">Designs and plans.</subfield>
  </datafield>
  <datafield tag="697" ind1="2" ind2="4">
    <subfield code="a">Ernest W. Smith house (Pasadena, Calif.)</subfield>
  </datafield>
  <datafield tag="700" ind1="1" ind2=" ">
    <subfield code="a">Greene, Charles Sumner,</subfield>
    <subfield code="d">1868-1957.</subfield>
  </datafield>
  <datafield tag="700" ind1="1" ind2=" ">
    <subfield code="a">Greene, Henry Mather,</subfield>
    <subfield code="d">1870-1954.</subfield>
  </datafield>
  <datafield tag="700" ind1="1" ind2=" ">
    <subfield code="a">Smith, Ernest W.</subfield>
  </datafield>
  <datafield tag="755" ind1=" " ind2=" ">
    <subfield code="a">Blueprints.</subfield>
    <subfield code="2">aat</subfield>
  </datafield>
  <datafield tag="755" ind1=" " ind2=" ">
    <subfield code="a">Ink drawings.</subfield>
    <subfield code="2">aat</subfield>
  </datafield>
  <datafield tag="755" ind1=" " ind2=" ">
    <subfield code="a">Pencil drawings.</subfield>
    <subfield code="2">aat</subfield>
  </datafield>
  <datafield tag="755" ind1=" " ind2=" ">
    <subfield code="a">Crayon drawings.</subfield>
    <subfield code="2">aat</subfield>
  </datafield>
  <datafield tag="755" ind1=" " ind2=" ">
    <subfield code="a">Ink wash drawings.</subfield>
    <subfield code="2">aat</subfield>
  </datafield>
  <datafield tag="799" ind1="4" ind2="3">
    <subfield code="a">The Greene &amp; Greene architectural drawings.</subfield>
  </datafield>
  <datafield tag="789" ind1="0" ind2=" ">
    <subfield code="1">[1]</subfield>
    <subfield code="i">NYDA.1960.001.03575.</subfield>
    <subfield code="t">Plan of lot [i.e. site plan]:</subfield>
    <subfield code="n">Sheet no. 30.</subfield>
    <subfield code="0">Encapsulated in mylar.</subfield>
  </datafield>
  <datafield tag="789" ind1="0" ind2=" ">
    <subfield code="1">[2]</subfield>
    <subfield code="i">NYDA.1960.001.03576.</subfield>
    <subfield code="t">Revision of plan of lot [i.e. site plan], half elev. of steps and buttresses, section thru driveway on line A-B:</subfield>
    <subfield code="n">Sheet no.30a</subfield>
  </datafield>
  <datafield tag="789" ind1="0" ind2=" ">
    <subfield code="1">[3]</subfield>
    <subfield code="i">NYDA.1960.001.03577R.</subfield>
    <subfield code="t">Foundation plan ; [detail drawings} -- footing for 8" brick wall, footing for 4" x 6" posts, outside wall section, chimney footing:</subfield>
    <subfield code="n">Sheet no. 1,</subfield>
    <subfield code="d">March 22nd, '10.</subfield>
    <subfield code="0">A portion of the "chimney footing" detail is a small piece of blueprint on paper attached to the main part.</subfield>
  </datafield>
  <datafield tag="789" ind1="0" ind2=" ">
    <subfield code="1">[4]</subfield>
    <subfield code="i">NYDA.1960.001.03577V.</subfield>
    <subfield code="t">[Unidentified sketches]</subfield>
  </datafield>
  <datafield tag="789" ind1="0" ind2=" ">
    <subfield code="1">[5]</subfield>
    <subfield code="i">NYDA.1960.001.03578.</subfield>
    <subfield code="t">Foundation plan; [detail drawings] -- footing for 8"brick wall, footing for 4" x 6" posts, outside wall section, chimney footing :</subfield>
    <subfield code="n">Sheet no. 1,</subfield>
    <subfield code="d">March 22nd, '10.</subfield>
  </datafield>
  <datafield tag="789" ind1="0" ind2=" ">
    <subfield code="1">[6]</subfield>
    <subfield code="i">NYDA.1960.001.03579.</subfield>
    <subfield code="t">First floor plan ; detail of dining rm. sideboard -- front elev., sect'n :</subfield>
    <subfield code="n">Sheet no. 2,</subfield>
    <subfield code="d">March 22nd, '10.</subfield>
  </datafield>
  <datafield tag="789" ind1="0" ind2=" ">
    <subfield code="1">[7]</subfield>
    <subfield code="i">NYDA.1960.001.03580.</subfield>
    <subfield code="t">First floor plan ; detail of dining rm. sideboard -- front elev., sect'n :</subfield>
    <subfield code="n">Sheet no. 2,</subfield>
    <subfield code="d">March 22nd,'10.</subfield>
  </datafield>
  <datafield tag="789" ind1="0" ind2=" ">
    <subfield code="1">[8]</subfield>
    <subfield code="i">NYDA.1960.001.03581.</subfield>
    <subfield code="t">Second floor plan ; plan of attic stairs :</subfield>
    <subfield code="n">Sheet no. 3,</subfield>
    <subfield code="d">March 22nd,'10.</subfield>
  </datafield>
  <datafield tag="789" ind1="0" ind2=" ">
    <subfield code="1">[9]</subfield>
    <subfield code="i">NYDA.1960.001.03582.</subfield>
    <subfield code="t">Second floor plan ; plan of attic stairs :</subfield>
    <subfield code="n">Sheet no. 3,</subfield>
    <subfield code="d">March 22nd,'10.</subfield>
  </datafield>
  <datafield tag="789" ind1="0" ind2=" ">
    <subfield code="1">[10]</subfield>
    <subfield code="i">NYDA.1960.001.03583.</subfield>
    <subfield code="t">Front (or west) elevation :</subfield>
    <subfield code="n">Sheet no. 4,</subfield>
    <subfield code="d">March 22nd,'10.</subfield>
  </datafield>
  <datafield tag="789" ind1="0" ind2=" ">
    <subfield code="1">[11]</subfield>
    <subfield code="i">NYDA.1960.001.03584.</subfield>
    <subfield code="t">Front (or west) elevation :</subfield>
    <subfield code="n">Sheet no. 4,</subfield>
    <subfield code="d">March 22nd,'10.</subfield>
  </datafield>
  <datafield tag="789" ind1="0" ind2=" ">
    <subfield code="1">[12]</subfield>
    <subfield code="i">NYDA.1960.001.03585.</subfield>
    <subfield code="t">South elevation :</subfield>
    <subfield code="n">Sheet no. 4,</subfield>
    <subfield code="d">March 22nd, '10.</subfield>
  </datafield>
  <datafield tag="789" ind1="0" ind2=" ">
    <subfield code="1">[13]</subfield>
    <subfield code="i">NYDA.1960.001.03586.</subfield>
    <subfield code="t">South elevation :</subfield>
    <subfield code="n">Sheet no. 5,</subfield>
    <subfield code="d">March 22nd,'10.</subfield>
  </datafield>
  <datafield tag="789" ind1="0" ind2=" ">
    <subfield code="1">[14]</subfield>
    <subfield code="i">NYDA.1960.001.03587R.</subfield>
    <subfield code="t">East elevation :</subfield>
    <subfield code="n">Sheet no. 6,</subfield>
    <subfield code="d">March 22 nd,'10.</subfield>
  </datafield>
  <datafield tag="789" ind1="0" ind2=" ">
    <subfield code="1">[15]</subfield>
    <subfield code="i">NYDA.1960.001.03587V.</subfield>
    <subfield code="t">[Unidentified sketch]</subfield>
  </datafield>
  <datafield tag="789" ind1="0" ind2=" ">
    <subfield code="1">[16]</subfield>
    <subfield code="i">NYDA.1960.001.03588.</subfield>
    <subfield code="t">East elevation :</subfield>
    <subfield code="n">Sheet no.6,</subfield>
    <subfield code="d">March 22nd,'10.</subfield>
  </datafield>
  <datafield tag="789" ind1="0" ind2=" ">
    <subfield code="1">[17]</subfield>
    <subfield code="i">NYDA.1960.001.03589.</subfield>
    <subfield code="t">North elevation :</subfield>
    <subfield code="n">Sheet no.7,</subfield>
    <subfield code="d">March 22nd,'10.</subfield>
  </datafield>
  <datafield tag="789" ind1="0" ind2=" ">
    <subfield code="1">[18]</subfield>
    <subfield code="i">NYDA.1960.001.03590.</subfield>
    <subfield code="t">North elevation :</subfield>
    <subfield code="n">Sheet no.7,</subfield>
    <subfield code="d">March 22nd,'10.</subfield>
  </datafield>
  <datafield tag="789" ind1="0" ind2=" ">
    <subfield code="1">[19]</subfield>
    <subfield code="i">NYDA.1960.001.03591.</subfield>
    <subfield code="t">Details of plate rail -- plan, section ; section [of] gable vents ; detail of double hung window frames ; typical wall section [with elevations of windows] ; sect'n of verge ; detail[s] of shingle ridge -- end, side ; interior elev's of living room -- elev. looking south, elev. looking north ; [elevation of] stairs and hall looking west;</subfield>
    <subfield code="n">Sheet no.8,</subfield>
    <subfield code="d">March 22nd,'10.</subfield>
  </datafield>
  <datafield tag="789" ind1="0" ind2=" ">
    <subfield code="1">[20]</subfield>
    <subfield code="i">NYDA.1960.001.03592.</subfield>
    <subfield code="t">Details of plate rail -- plan, section ; [of] gable vents ; detail of double hung window frames; typical wall section [with elevations of windows] ; sect'n of verge ; detail[s] of shingle ridge -- end, side; interior elev's of living room -- elev. looking south, elev. looking north ; [elevation of] stairs and hall looking west :</subfield>
    <subfield code="n">Sheet no.8,</subfield>
    <subfield code="d">March 22nd,'10.</subfield>
  </datafield>
  <datafield tag="900" ind1=" " ind2=" ">
    <subfield code="a">AUTH</subfield>
  </datafield>
</record>

</collection>